%YAML 1.1
%TAG !u! tag:unity3d.com,2011:
--- !u!1 &5396836351275425169
GameObject:
  m_ObjectHideFlags: 0
  m_CorrespondingSourceObject: {fileID: 0}
  m_PrefabInstance: {fileID: 0}
  m_PrefabAsset: {fileID: 0}
  serializedVersion: 6
  m_Component:
  - component: {fileID: 2976665022411480622}
  m_Layer: 0
  m_Name: watchers_tower
  m_TagString: Untagged
  m_Icon: {fileID: 0}
  m_NavMeshLayer: 0
  m_StaticEditorFlags: 0
  m_IsActive: 1
--- !u!4 &2976665022411480622
Transform:
  m_ObjectHideFlags: 0
  m_CorrespondingSourceObject: {fileID: 0}
  m_PrefabInstance: {fileID: 0}
  m_PrefabAsset: {fileID: 0}
  m_GameObject: {fileID: 5396836351275425169}
  m_LocalRotation: {x: 0, y: 0, z: 0, w: 1}
  m_LocalPosition: {x: -159.2, y: 821.4, z: 674.2}
  m_LocalScale: {x: 1, y: 1, z: 1}
  m_Children:
  - {fileID: 8206585093085485619}
  - {fileID: 6238058332574885587}
  - {fileID: 9136769911814839368}
  - {fileID: 1264176319096906437}
  - {fileID: 2797079067663696554}
  - {fileID: 5489819659725757533}
  - {fileID: 7995742542255483503}
  - {fileID: 228550346420364523}
  - {fileID: 3642978670493387987}
  - {fileID: 6668741230752968420}
  - {fileID: 8380593700968797100}
  - {fileID: 1084491868303847459}
  - {fileID: 987403287616583125}
  - {fileID: 4840418618306629899}
  m_Father: {fileID: 0}
  m_RootOrder: 0
  m_LocalEulerAnglesHint: {x: 0, y: 0, z: 0}
--- !u!1001 &333618393264472832
PrefabInstance:
  m_ObjectHideFlags: 0
  serializedVersion: 2
  m_Modification:
    m_TransformParent: {fileID: 2976665022411480622}
    m_Modifications:
    - target: {fileID: -8679921383154817045, guid: 5e00e1388db20c8428912e6ceaa102c2,
        type: 3}
      propertyPath: m_LocalPosition.x
      value: -0.009994507
      objectReference: {fileID: 0}
    - target: {fileID: -8679921383154817045, guid: 5e00e1388db20c8428912e6ceaa102c2,
        type: 3}
      propertyPath: m_LocalPosition.y
      value: -4.025635
      objectReference: {fileID: 0}
    - target: {fileID: -8679921383154817045, guid: 5e00e1388db20c8428912e6ceaa102c2,
        type: 3}
      propertyPath: m_LocalPosition.z
      value: 0.24993896
      objectReference: {fileID: 0}
    - target: {fileID: -8679921383154817045, guid: 5e00e1388db20c8428912e6ceaa102c2,
        type: 3}
      propertyPath: m_LocalRotation.x
      value: -0
      objectReference: {fileID: 0}
    - target: {fileID: -8679921383154817045, guid: 5e00e1388db20c8428912e6ceaa102c2,
        type: 3}
      propertyPath: m_LocalRotation.y
      value: 0.7071068
      objectReference: {fileID: 0}
    - target: {fileID: -8679921383154817045, guid: 5e00e1388db20c8428912e6ceaa102c2,
        type: 3}
      propertyPath: m_LocalRotation.z
      value: -0
      objectReference: {fileID: 0}
    - target: {fileID: -8679921383154817045, guid: 5e00e1388db20c8428912e6ceaa102c2,
        type: 3}
      propertyPath: m_LocalRotation.w
      value: 0.7071068
      objectReference: {fileID: 0}
    - target: {fileID: -8679921383154817045, guid: 5e00e1388db20c8428912e6ceaa102c2,
        type: 3}
      propertyPath: m_RootOrder
      value: 7
      objectReference: {fileID: 0}
    - target: {fileID: -8679921383154817045, guid: 5e00e1388db20c8428912e6ceaa102c2,
        type: 3}
      propertyPath: m_LocalEulerAnglesHint.x
      value: 0
      objectReference: {fileID: 0}
    - target: {fileID: -8679921383154817045, guid: 5e00e1388db20c8428912e6ceaa102c2,
        type: 3}
      propertyPath: m_LocalEulerAnglesHint.y
      value: 90
      objectReference: {fileID: 0}
    - target: {fileID: -8679921383154817045, guid: 5e00e1388db20c8428912e6ceaa102c2,
        type: 3}
      propertyPath: m_LocalEulerAnglesHint.z
      value: 0
      objectReference: {fileID: 0}
    - target: {fileID: -8679921383154817045, guid: 5e00e1388db20c8428912e6ceaa102c2,
        type: 3}
      propertyPath: m_LocalScale.x
      value: 10
      objectReference: {fileID: 0}
    - target: {fileID: -8679921383154817045, guid: 5e00e1388db20c8428912e6ceaa102c2,
        type: 3}
      propertyPath: m_LocalScale.y
      value: 10
      objectReference: {fileID: 0}
    - target: {fileID: -8679921383154817045, guid: 5e00e1388db20c8428912e6ceaa102c2,
        type: 3}
      propertyPath: m_LocalScale.z
      value: 10
      objectReference: {fileID: 0}
    - target: {fileID: 919132149155446097, guid: 5e00e1388db20c8428912e6ceaa102c2,
        type: 3}
      propertyPath: m_Name
      value: Tower_Wall_Normal_Plain (1)
      objectReference: {fileID: 0}
    m_RemovedComponents: []
  m_SourcePrefab: {fileID: 100100000, guid: 5e00e1388db20c8428912e6ceaa102c2, type: 3}
--- !u!4 &228550346420364523 stripped
Transform:
  m_CorrespondingSourceObject: {fileID: -8679921383154817045, guid: 5e00e1388db20c8428912e6ceaa102c2,
    type: 3}
  m_PrefabInstance: {fileID: 333618393264472832}
  m_PrefabAsset: {fileID: 0}
--- !u!1001 &614278346338047944
PrefabInstance:
  m_ObjectHideFlags: 0
  serializedVersion: 2
  m_Modification:
    m_TransformParent: {fileID: 2976665022411480622}
    m_Modifications:
    - target: {fileID: -8679921383154817045, guid: 5e00e1388db20c8428912e6ceaa102c2,
        type: 3}
      propertyPath: m_LocalPosition.x
      value: -0.10227966
      objectReference: {fileID: 0}
    - target: {fileID: -8679921383154817045, guid: 5e00e1388db20c8428912e6ceaa102c2,
        type: 3}
      propertyPath: m_LocalPosition.y
      value: 5.944397
      objectReference: {fileID: 0}
    - target: {fileID: -8679921383154817045, guid: 5e00e1388db20c8428912e6ceaa102c2,
        type: 3}
      propertyPath: m_LocalPosition.z
      value: 0.15802002
      objectReference: {fileID: 0}
    - target: {fileID: -8679921383154817045, guid: 5e00e1388db20c8428912e6ceaa102c2,
        type: 3}
      propertyPath: m_LocalRotation.x
      value: -0
      objectReference: {fileID: 0}
    - target: {fileID: -8679921383154817045, guid: 5e00e1388db20c8428912e6ceaa102c2,
        type: 3}
      propertyPath: m_LocalRotation.y
      value: 1
      objectReference: {fileID: 0}
    - target: {fileID: -8679921383154817045, guid: 5e00e1388db20c8428912e6ceaa102c2,
        type: 3}
      propertyPath: m_LocalRotation.z
      value: -0
      objectReference: {fileID: 0}
    - target: {fileID: -8679921383154817045, guid: 5e00e1388db20c8428912e6ceaa102c2,
        type: 3}
      propertyPath: m_LocalRotation.w
      value: 0
      objectReference: {fileID: 0}
    - target: {fileID: -8679921383154817045, guid: 5e00e1388db20c8428912e6ceaa102c2,
        type: 3}
      propertyPath: m_RootOrder
      value: 11
      objectReference: {fileID: 0}
    - target: {fileID: -8679921383154817045, guid: 5e00e1388db20c8428912e6ceaa102c2,
        type: 3}
      propertyPath: m_LocalEulerAnglesHint.x
      value: 0
      objectReference: {fileID: 0}
    - target: {fileID: -8679921383154817045, guid: 5e00e1388db20c8428912e6ceaa102c2,
        type: 3}
      propertyPath: m_LocalEulerAnglesHint.y
      value: 0
      objectReference: {fileID: 0}
    - target: {fileID: -8679921383154817045, guid: 5e00e1388db20c8428912e6ceaa102c2,
        type: 3}
      propertyPath: m_LocalEulerAnglesHint.z
      value: 0
      objectReference: {fileID: 0}
    - target: {fileID: -8679921383154817045, guid: 5e00e1388db20c8428912e6ceaa102c2,
        type: 3}
      propertyPath: m_LocalScale.x
      value: 10
      objectReference: {fileID: 0}
    - target: {fileID: -8679921383154817045, guid: 5e00e1388db20c8428912e6ceaa102c2,
        type: 3}
      propertyPath: m_LocalScale.y
      value: 10
      objectReference: {fileID: 0}
    - target: {fileID: -8679921383154817045, guid: 5e00e1388db20c8428912e6ceaa102c2,
        type: 3}
      propertyPath: m_LocalScale.z
      value: 10
      objectReference: {fileID: 0}
    - target: {fileID: 919132149155446097, guid: 5e00e1388db20c8428912e6ceaa102c2,
        type: 3}
      propertyPath: m_Name
      value: Tower_Wall_Normal_Plain
      objectReference: {fileID: 0}
    m_RemovedComponents: []
  m_SourcePrefab: {fileID: 100100000, guid: 5e00e1388db20c8428912e6ceaa102c2, type: 3}
--- !u!4 &1084491868303847459 stripped
Transform:
  m_CorrespondingSourceObject: {fileID: -8679921383154817045, guid: 5e00e1388db20c8428912e6ceaa102c2,
    type: 3}
  m_PrefabInstance: {fileID: 614278346338047944}
  m_PrefabAsset: {fileID: 0}
--- !u!1001 &736707367224021566
PrefabInstance:
  m_ObjectHideFlags: 0
  serializedVersion: 2
  m_Modification:
    m_TransformParent: {fileID: 2976665022411480622}
    m_Modifications:
    - target: {fileID: -8679921383154817045, guid: 5e00e1388db20c8428912e6ceaa102c2,
        type: 3}
      propertyPath: m_LocalPosition.x
      value: -0.20228577
      objectReference: {fileID: 0}
    - target: {fileID: -8679921383154817045, guid: 5e00e1388db20c8428912e6ceaa102c2,
        type: 3}
      propertyPath: m_LocalPosition.y
      value: 5.944397
      objectReference: {fileID: 0}
    - target: {fileID: -8679921383154817045, guid: 5e00e1388db20c8428912e6ceaa102c2,
        type: 3}
      propertyPath: m_LocalPosition.z
      value: 0.25805664
      objectReference: {fileID: 0}
    - target: {fileID: -8679921383154817045, guid: 5e00e1388db20c8428912e6ceaa102c2,
        type: 3}
      propertyPath: m_LocalRotation.x
      value: -0
      objectReference: {fileID: 0}
    - target: {fileID: -8679921383154817045, guid: 5e00e1388db20c8428912e6ceaa102c2,
        type: 3}
      propertyPath: m_LocalRotation.y
      value: 0.7071068
      objectReference: {fileID: 0}
    - target: {fileID: -8679921383154817045, guid: 5e00e1388db20c8428912e6ceaa102c2,
        type: 3}
      propertyPath: m_LocalRotation.z
      value: -0
      objectReference: {fileID: 0}
    - target: {fileID: -8679921383154817045, guid: 5e00e1388db20c8428912e6ceaa102c2,
        type: 3}
      propertyPath: m_LocalRotation.w
      value: -0.7071068
      objectReference: {fileID: 0}
    - target: {fileID: -8679921383154817045, guid: 5e00e1388db20c8428912e6ceaa102c2,
        type: 3}
      propertyPath: m_RootOrder
      value: 12
      objectReference: {fileID: 0}
    - target: {fileID: -8679921383154817045, guid: 5e00e1388db20c8428912e6ceaa102c2,
        type: 3}
      propertyPath: m_LocalEulerAnglesHint.x
      value: 0
      objectReference: {fileID: 0}
    - target: {fileID: -8679921383154817045, guid: 5e00e1388db20c8428912e6ceaa102c2,
        type: 3}
      propertyPath: m_LocalEulerAnglesHint.y
      value: 90
      objectReference: {fileID: 0}
    - target: {fileID: -8679921383154817045, guid: 5e00e1388db20c8428912e6ceaa102c2,
        type: 3}
      propertyPath: m_LocalEulerAnglesHint.z
      value: 0
      objectReference: {fileID: 0}
    - target: {fileID: -8679921383154817045, guid: 5e00e1388db20c8428912e6ceaa102c2,
        type: 3}
      propertyPath: m_LocalScale.x
      value: 10
      objectReference: {fileID: 0}
    - target: {fileID: -8679921383154817045, guid: 5e00e1388db20c8428912e6ceaa102c2,
        type: 3}
      propertyPath: m_LocalScale.y
      value: 10
      objectReference: {fileID: 0}
    - target: {fileID: -8679921383154817045, guid: 5e00e1388db20c8428912e6ceaa102c2,
        type: 3}
      propertyPath: m_LocalScale.z
      value: 10
      objectReference: {fileID: 0}
    - target: {fileID: 919132149155446097, guid: 5e00e1388db20c8428912e6ceaa102c2,
        type: 3}
      propertyPath: m_Name
      value: Tower_Wall_Normal_Plain (1)
      objectReference: {fileID: 0}
    m_RemovedComponents: []
  m_SourcePrefab: {fileID: 100100000, guid: 5e00e1388db20c8428912e6ceaa102c2, type: 3}
--- !u!4 &987403287616583125 stripped
Transform:
  m_CorrespondingSourceObject: {fileID: -8679921383154817045, guid: 5e00e1388db20c8428912e6ceaa102c2,
    type: 3}
  m_PrefabInstance: {fileID: 736707367224021566}
  m_PrefabAsset: {fileID: 0}
--- !u!1001 &1585822147983836462
PrefabInstance:
  m_ObjectHideFlags: 0
  serializedVersion: 2
  m_Modification:
    m_TransformParent: {fileID: 2976665022411480622}
    m_Modifications:
    - target: {fileID: -8679921383154817045, guid: 9448d334183fee84db969466b6b24d9f,
        type: 3}
      propertyPath: m_LocalPosition.x
      value: -0.08074951
      objectReference: {fileID: 0}
    - target: {fileID: -8679921383154817045, guid: 9448d334183fee84db969466b6b24d9f,
        type: 3}
      propertyPath: m_LocalPosition.y
      value: -13.985596
      objectReference: {fileID: 0}
    - target: {fileID: -8679921383154817045, guid: 9448d334183fee84db969466b6b24d9f,
        type: 3}
      propertyPath: m_LocalPosition.z
      value: -1.0429077
      objectReference: {fileID: 0}
    - target: {fileID: -8679921383154817045, guid: 9448d334183fee84db969466b6b24d9f,
        type: 3}
      propertyPath: m_LocalRotation.x
      value: -0
      objectReference: {fileID: 0}
    - target: {fileID: -8679921383154817045, guid: 9448d334183fee84db969466b6b24d9f,
        type: 3}
      propertyPath: m_LocalRotation.y
      value: -0
      objectReference: {fileID: 0}
    - target: {fileID: -8679921383154817045, guid: 9448d334183fee84db969466b6b24d9f,
        type: 3}
      propertyPath: m_LocalRotation.z
      value: -0
      objectReference: {fileID: 0}
    - target: {fileID: -8679921383154817045, guid: 9448d334183fee84db969466b6b24d9f,
        type: 3}
      propertyPath: m_LocalRotation.w
      value: 1
      objectReference: {fileID: 0}
    - target: {fileID: -8679921383154817045, guid: 9448d334183fee84db969466b6b24d9f,
        type: 3}
      propertyPath: m_RootOrder
      value: 3
      objectReference: {fileID: 0}
    - target: {fileID: -8679921383154817045, guid: 9448d334183fee84db969466b6b24d9f,
        type: 3}
      propertyPath: m_LocalEulerAnglesHint.x
      value: 0
      objectReference: {fileID: 0}
    - target: {fileID: -8679921383154817045, guid: 9448d334183fee84db969466b6b24d9f,
        type: 3}
      propertyPath: m_LocalEulerAnglesHint.y
      value: 0
      objectReference: {fileID: 0}
    - target: {fileID: -8679921383154817045, guid: 9448d334183fee84db969466b6b24d9f,
        type: 3}
      propertyPath: m_LocalEulerAnglesHint.z
      value: 0
      objectReference: {fileID: 0}
    - target: {fileID: -8679921383154817045, guid: 9448d334183fee84db969466b6b24d9f,
        type: 3}
      propertyPath: m_LocalScale.x
      value: 10
      objectReference: {fileID: 0}
    - target: {fileID: -8679921383154817045, guid: 9448d334183fee84db969466b6b24d9f,
        type: 3}
      propertyPath: m_LocalScale.y
      value: 10
      objectReference: {fileID: 0}
    - target: {fileID: -8679921383154817045, guid: 9448d334183fee84db969466b6b24d9f,
        type: 3}
      propertyPath: m_LocalScale.z
      value: 10
      objectReference: {fileID: 0}
    - target: {fileID: 919132149155446097, guid: 9448d334183fee84db969466b6b24d9f,
        type: 3}
      propertyPath: m_Name
      value: Tower_Bottom
      objectReference: {fileID: 0}
    m_RemovedComponents: []
  m_SourcePrefab: {fileID: 100100000, guid: 9448d334183fee84db969466b6b24d9f, type: 3}
--- !u!4 &1264176319096906437 stripped
Transform:
  m_CorrespondingSourceObject: {fileID: -8679921383154817045, guid: 9448d334183fee84db969466b6b24d9f,
    type: 3}
  m_PrefabInstance: {fileID: 1585822147983836462}
  m_PrefabAsset: {fileID: 0}
--- !u!1001 &2403657671685956929
PrefabInstance:
  m_ObjectHideFlags: 0
  serializedVersion: 2
  m_Modification:
    m_TransformParent: {fileID: 2976665022411480622}
    m_Modifications:
    - target: {fileID: -8679921383154817045, guid: 5e00e1388db20c8428912e6ceaa102c2,
        type: 3}
      propertyPath: m_LocalPosition.x
      value: -0.009994507
      objectReference: {fileID: 0}
    - target: {fileID: -8679921383154817045, guid: 5e00e1388db20c8428912e6ceaa102c2,
        type: 3}
      propertyPath: m_LocalPosition.y
      value: -13.985596
      objectReference: {fileID: 0}
    - target: {fileID: -8679921383154817045, guid: 5e00e1388db20c8428912e6ceaa102c2,
        type: 3}
      propertyPath: m_LocalPosition.z
      value: 0.24993896
      objectReference: {fileID: 0}
    - target: {fileID: -8679921383154817045, guid: 5e00e1388db20c8428912e6ceaa102c2,
        type: 3}
      propertyPath: m_LocalRotation.x
      value: -0
      objectReference: {fileID: 0}
    - target: {fileID: -8679921383154817045, guid: 5e00e1388db20c8428912e6ceaa102c2,
        type: 3}
      propertyPath: m_LocalRotation.y
      value: 0.7071068
      objectReference: {fileID: 0}
    - target: {fileID: -8679921383154817045, guid: 5e00e1388db20c8428912e6ceaa102c2,
        type: 3}
      propertyPath: m_LocalRotation.z
      value: -0
      objectReference: {fileID: 0}
    - target: {fileID: -8679921383154817045, guid: 5e00e1388db20c8428912e6ceaa102c2,
        type: 3}
      propertyPath: m_LocalRotation.w
      value: 0.7071068
      objectReference: {fileID: 0}
    - target: {fileID: -8679921383154817045, guid: 5e00e1388db20c8428912e6ceaa102c2,
        type: 3}
      propertyPath: m_RootOrder
      value: 4
      objectReference: {fileID: 0}
    - target: {fileID: -8679921383154817045, guid: 5e00e1388db20c8428912e6ceaa102c2,
        type: 3}
      propertyPath: m_LocalEulerAnglesHint.x
      value: 0
      objectReference: {fileID: 0}
    - target: {fileID: -8679921383154817045, guid: 5e00e1388db20c8428912e6ceaa102c2,
        type: 3}
      propertyPath: m_LocalEulerAnglesHint.y
      value: 90
      objectReference: {fileID: 0}
    - target: {fileID: -8679921383154817045, guid: 5e00e1388db20c8428912e6ceaa102c2,
        type: 3}
      propertyPath: m_LocalEulerAnglesHint.z
      value: 0
      objectReference: {fileID: 0}
    - target: {fileID: -8679921383154817045, guid: 5e00e1388db20c8428912e6ceaa102c2,
        type: 3}
      propertyPath: m_LocalScale.x
      value: 10
      objectReference: {fileID: 0}
    - target: {fileID: -8679921383154817045, guid: 5e00e1388db20c8428912e6ceaa102c2,
        type: 3}
      propertyPath: m_LocalScale.y
      value: 10
      objectReference: {fileID: 0}
    - target: {fileID: -8679921383154817045, guid: 5e00e1388db20c8428912e6ceaa102c2,
        type: 3}
      propertyPath: m_LocalScale.z
      value: 10
      objectReference: {fileID: 0}
    - target: {fileID: 919132149155446097, guid: 5e00e1388db20c8428912e6ceaa102c2,
        type: 3}
      propertyPath: m_Name
      value: Tower_Wall_Normal_Plain (1)
      objectReference: {fileID: 0}
    m_RemovedComponents: []
  m_SourcePrefab: {fileID: 100100000, guid: 5e00e1388db20c8428912e6ceaa102c2, type: 3}
--- !u!4 &2797079067663696554 stripped
Transform:
  m_CorrespondingSourceObject: {fileID: -8679921383154817045, guid: 5e00e1388db20c8428912e6ceaa102c2,
    type: 3}
  m_PrefabInstance: {fileID: 2403657671685956929}
  m_PrefabAsset: {fileID: 0}
--- !u!1001 &3820403448082869048
PrefabInstance:
  m_ObjectHideFlags: 0
  serializedVersion: 2
  m_Modification:
    m_TransformParent: {fileID: 2976665022411480622}
    m_Modifications:
    - target: {fileID: -8679921383154817045, guid: 5e00e1388db20c8428912e6ceaa102c2,
        type: 3}
      propertyPath: m_LocalPosition.x
      value: -0.10227966
      objectReference: {fileID: 0}
    - target: {fileID: -8679921383154817045, guid: 5e00e1388db20c8428912e6ceaa102c2,
        type: 3}
      propertyPath: m_LocalPosition.y
      value: -4.025635
      objectReference: {fileID: 0}
    - target: {fileID: -8679921383154817045, guid: 5e00e1388db20c8428912e6ceaa102c2,
        type: 3}
      propertyPath: m_LocalPosition.z
      value: 0.15802002
      objectReference: {fileID: 0}
    - target: {fileID: -8679921383154817045, guid: 5e00e1388db20c8428912e6ceaa102c2,
        type: 3}
      propertyPath: m_LocalRotation.x
      value: -0
      objectReference: {fileID: 0}
    - target: {fileID: -8679921383154817045, guid: 5e00e1388db20c8428912e6ceaa102c2,
        type: 3}
      propertyPath: m_LocalRotation.y
      value: 1
      objectReference: {fileID: 0}
    - target: {fileID: -8679921383154817045, guid: 5e00e1388db20c8428912e6ceaa102c2,
        type: 3}
      propertyPath: m_LocalRotation.z
      value: -0
      objectReference: {fileID: 0}
    - target: {fileID: -8679921383154817045, guid: 5e00e1388db20c8428912e6ceaa102c2,
        type: 3}
      propertyPath: m_LocalRotation.w
      value: 0
      objectReference: {fileID: 0}
    - target: {fileID: -8679921383154817045, guid: 5e00e1388db20c8428912e6ceaa102c2,
        type: 3}
      propertyPath: m_RootOrder
      value: 8
      objectReference: {fileID: 0}
    - target: {fileID: -8679921383154817045, guid: 5e00e1388db20c8428912e6ceaa102c2,
        type: 3}
      propertyPath: m_LocalEulerAnglesHint.x
      value: 0
      objectReference: {fileID: 0}
    - target: {fileID: -8679921383154817045, guid: 5e00e1388db20c8428912e6ceaa102c2,
        type: 3}
      propertyPath: m_LocalEulerAnglesHint.y
      value: 0
      objectReference: {fileID: 0}
    - target: {fileID: -8679921383154817045, guid: 5e00e1388db20c8428912e6ceaa102c2,
        type: 3}
      propertyPath: m_LocalEulerAnglesHint.z
      value: 0
      objectReference: {fileID: 0}
    - target: {fileID: -8679921383154817045, guid: 5e00e1388db20c8428912e6ceaa102c2,
        type: 3}
      propertyPath: m_LocalScale.x
      value: 10
      objectReference: {fileID: 0}
    - target: {fileID: -8679921383154817045, guid: 5e00e1388db20c8428912e6ceaa102c2,
        type: 3}
      propertyPath: m_LocalScale.y
      value: 10
      objectReference: {fileID: 0}
    - target: {fileID: -8679921383154817045, guid: 5e00e1388db20c8428912e6ceaa102c2,
        type: 3}
      propertyPath: m_LocalScale.z
      value: 10
      objectReference: {fileID: 0}
    - target: {fileID: 919132149155446097, guid: 5e00e1388db20c8428912e6ceaa102c2,
        type: 3}
      propertyPath: m_Name
      value: Tower_Wall_Normal_Plain
      objectReference: {fileID: 0}
    m_RemovedComponents: []
  m_SourcePrefab: {fileID: 100100000, guid: 5e00e1388db20c8428912e6ceaa102c2, type: 3}
--- !u!4 &3642978670493387987 stripped
Transform:
  m_CorrespondingSourceObject: {fileID: -8679921383154817045, guid: 5e00e1388db20c8428912e6ceaa102c2,
    type: 3}
  m_PrefabInstance: {fileID: 3820403448082869048}
  m_PrefabAsset: {fileID: 0}
--- !u!1001 &4946683481899398880
PrefabInstance:
  m_ObjectHideFlags: 0
  serializedVersion: 2
  m_Modification:
    m_TransformParent: {fileID: 2976665022411480622}
    m_Modifications:
    - target: {fileID: -8679921383154817045, guid: 936acee4d9c3a73419a3f934fb3b35e2,
        type: 3}
      propertyPath: m_LocalPosition.x
      value: -15.229996
      objectReference: {fileID: 0}
    - target: {fileID: -8679921383154817045, guid: 936acee4d9c3a73419a3f934fb3b35e2,
        type: 3}
      propertyPath: m_LocalPosition.y
      value: -13.960022
      objectReference: {fileID: 0}
    - target: {fileID: -8679921383154817045, guid: 936acee4d9c3a73419a3f934fb3b35e2,
        type: 3}
      propertyPath: m_LocalPosition.z
      value: -16.850037
      objectReference: {fileID: 0}
    - target: {fileID: -8679921383154817045, guid: 936acee4d9c3a73419a3f934fb3b35e2,
        type: 3}
      propertyPath: m_LocalRotation.x
      value: -0
      objectReference: {fileID: 0}
    - target: {fileID: -8679921383154817045, guid: 936acee4d9c3a73419a3f934fb3b35e2,
        type: 3}
      propertyPath: m_LocalRotation.y
      value: -0
      objectReference: {fileID: 0}
    - target: {fileID: -8679921383154817045, guid: 936acee4d9c3a73419a3f934fb3b35e2,
        type: 3}
      propertyPath: m_LocalRotation.z
      value: -0
      objectReference: {fileID: 0}
    - target: {fileID: -8679921383154817045, guid: 936acee4d9c3a73419a3f934fb3b35e2,
        type: 3}
      propertyPath: m_LocalRotation.w
      value: 1
      objectReference: {fileID: 0}
    - target: {fileID: -8679921383154817045, guid: 936acee4d9c3a73419a3f934fb3b35e2,
        type: 3}
      propertyPath: m_RootOrder
      value: 13
      objectReference: {fileID: 0}
    - target: {fileID: -8679921383154817045, guid: 936acee4d9c3a73419a3f934fb3b35e2,
        type: 3}
      propertyPath: m_LocalEulerAnglesHint.x
      value: 0
      objectReference: {fileID: 0}
    - target: {fileID: -8679921383154817045, guid: 936acee4d9c3a73419a3f934fb3b35e2,
        type: 3}
      propertyPath: m_LocalEulerAnglesHint.y
      value: 0
      objectReference: {fileID: 0}
    - target: {fileID: -8679921383154817045, guid: 936acee4d9c3a73419a3f934fb3b35e2,
        type: 3}
      propertyPath: m_LocalEulerAnglesHint.z
      value: 0
      objectReference: {fileID: 0}
    - target: {fileID: -8679921383154817045, guid: 936acee4d9c3a73419a3f934fb3b35e2,
        type: 3}
      propertyPath: m_LocalScale.x
      value: 10
      objectReference: {fileID: 0}
    - target: {fileID: -8679921383154817045, guid: 936acee4d9c3a73419a3f934fb3b35e2,
        type: 3}
      propertyPath: m_LocalScale.y
      value: 30
      objectReference: {fileID: 0}
    - target: {fileID: -8679921383154817045, guid: 936acee4d9c3a73419a3f934fb3b35e2,
        type: 3}
      propertyPath: m_LocalScale.z
      value: 10
      objectReference: {fileID: 0}
    - target: {fileID: 919132149155446097, guid: 936acee4d9c3a73419a3f934fb3b35e2,
        type: 3}
      propertyPath: m_Name
      value: Stairs_Newel_Middle (1)
      objectReference: {fileID: 0}
    m_RemovedComponents: []
  m_SourcePrefab: {fileID: 100100000, guid: 936acee4d9c3a73419a3f934fb3b35e2, type: 3}
--- !u!4 &4840418618306629899 stripped
Transform:
  m_CorrespondingSourceObject: {fileID: -8679921383154817045, guid: 936acee4d9c3a73419a3f934fb3b35e2,
    type: 3}
  m_PrefabInstance: {fileID: 4946683481899398880}
  m_PrefabAsset: {fileID: 0}
--- !u!1001 &5450895525015829430
PrefabInstance:
  m_ObjectHideFlags: 0
  serializedVersion: 2
  m_Modification:
    m_TransformParent: {fileID: 2976665022411480622}
    m_Modifications:
    - target: {fileID: -8679921383154817045, guid: 5e00e1388db20c8428912e6ceaa102c2,
        type: 3}
      propertyPath: m_LocalPosition.x
      value: -0.10227966
      objectReference: {fileID: 0}
    - target: {fileID: -8679921383154817045, guid: 5e00e1388db20c8428912e6ceaa102c2,
        type: 3}
      propertyPath: m_LocalPosition.y
      value: -13.985596
      objectReference: {fileID: 0}
    - target: {fileID: -8679921383154817045, guid: 5e00e1388db20c8428912e6ceaa102c2,
        type: 3}
      propertyPath: m_LocalPosition.z
      value: 0.15802002
      objectReference: {fileID: 0}
    - target: {fileID: -8679921383154817045, guid: 5e00e1388db20c8428912e6ceaa102c2,
        type: 3}
      propertyPath: m_LocalRotation.x
      value: -0
      objectReference: {fileID: 0}
    - target: {fileID: -8679921383154817045, guid: 5e00e1388db20c8428912e6ceaa102c2,
        type: 3}
      propertyPath: m_LocalRotation.y
      value: 1
      objectReference: {fileID: 0}
    - target: {fileID: -8679921383154817045, guid: 5e00e1388db20c8428912e6ceaa102c2,
        type: 3}
      propertyPath: m_LocalRotation.z
      value: -0
      objectReference: {fileID: 0}
    - target: {fileID: -8679921383154817045, guid: 5e00e1388db20c8428912e6ceaa102c2,
        type: 3}
      propertyPath: m_LocalRotation.w
      value: 0
      objectReference: {fileID: 0}
    - target: {fileID: -8679921383154817045, guid: 5e00e1388db20c8428912e6ceaa102c2,
        type: 3}
      propertyPath: m_RootOrder
      value: 5
      objectReference: {fileID: 0}
    - target: {fileID: -8679921383154817045, guid: 5e00e1388db20c8428912e6ceaa102c2,
        type: 3}
      propertyPath: m_LocalEulerAnglesHint.x
      value: 0
      objectReference: {fileID: 0}
    - target: {fileID: -8679921383154817045, guid: 5e00e1388db20c8428912e6ceaa102c2,
        type: 3}
      propertyPath: m_LocalEulerAnglesHint.y
      value: 0
      objectReference: {fileID: 0}
    - target: {fileID: -8679921383154817045, guid: 5e00e1388db20c8428912e6ceaa102c2,
        type: 3}
      propertyPath: m_LocalEulerAnglesHint.z
      value: 0
      objectReference: {fileID: 0}
    - target: {fileID: -8679921383154817045, guid: 5e00e1388db20c8428912e6ceaa102c2,
        type: 3}
      propertyPath: m_LocalScale.x
      value: 10
      objectReference: {fileID: 0}
    - target: {fileID: -8679921383154817045, guid: 5e00e1388db20c8428912e6ceaa102c2,
        type: 3}
      propertyPath: m_LocalScale.y
      value: 10
      objectReference: {fileID: 0}
    - target: {fileID: -8679921383154817045, guid: 5e00e1388db20c8428912e6ceaa102c2,
        type: 3}
      propertyPath: m_LocalScale.z
      value: 10
      objectReference: {fileID: 0}
    - target: {fileID: 919132149155446097, guid: 5e00e1388db20c8428912e6ceaa102c2,
        type: 3}
      propertyPath: m_Name
      value: Tower_Wall_Normal_Plain
      objectReference: {fileID: 0}
    m_RemovedComponents: []
  m_SourcePrefab: {fileID: 100100000, guid: 5e00e1388db20c8428912e6ceaa102c2, type: 3}
--- !u!4 &5489819659725757533 stripped
Transform:
  m_CorrespondingSourceObject: {fileID: -8679921383154817045, guid: 5e00e1388db20c8428912e6ceaa102c2,
    type: 3}
  m_PrefabInstance: {fileID: 5450895525015829430}
  m_PrefabAsset: {fileID: 0}
--- !u!1001 &5843614570785521976
PrefabInstance:
  m_ObjectHideFlags: 0
  serializedVersion: 2
  m_Modification:
    m_TransformParent: {fileID: 2976665022411480622}
    m_Modifications:
    - target: {fileID: -8679921383154817045, guid: 643c244f5cc61b747830cd57425480e8,
        type: 3}
      propertyPath: m_LocalPosition.x
      value: -3.5100098
      objectReference: {fileID: 0}
    - target: {fileID: -8679921383154817045, guid: 643c244f5cc61b747830cd57425480e8,
        type: 3}
      propertyPath: m_LocalPosition.y
      value: -13.880005
      objectReference: {fileID: 0}
    - target: {fileID: -8679921383154817045, guid: 643c244f5cc61b747830cd57425480e8,
        type: 3}
      propertyPath: m_LocalPosition.z
      value: -16.77002
      objectReference: {fileID: 0}
    - target: {fileID: -8679921383154817045, guid: 643c244f5cc61b747830cd57425480e8,
        type: 3}
      propertyPath: m_LocalRotation.x
      value: -0
      objectReference: {fileID: 0}
    - target: {fileID: -8679921383154817045, guid: 643c244f5cc61b747830cd57425480e8,
        type: 3}
      propertyPath: m_LocalRotation.y
      value: -0
      objectReference: {fileID: 0}
    - target: {fileID: -8679921383154817045, guid: 643c244f5cc61b747830cd57425480e8,
        type: 3}
      propertyPath: m_LocalRotation.z
      value: -0
      objectReference: {fileID: 0}
    - target: {fileID: -8679921383154817045, guid: 643c244f5cc61b747830cd57425480e8,
        type: 3}
      propertyPath: m_LocalRotation.w
      value: 1
      objectReference: {fileID: 0}
    - target: {fileID: -8679921383154817045, guid: 643c244f5cc61b747830cd57425480e8,
        type: 3}
      propertyPath: m_RootOrder
      value: 1
      objectReference: {fileID: 0}
    - target: {fileID: -8679921383154817045, guid: 643c244f5cc61b747830cd57425480e8,
        type: 3}
      propertyPath: m_LocalEulerAnglesHint.x
      value: 0
      objectReference: {fileID: 0}
    - target: {fileID: -8679921383154817045, guid: 643c244f5cc61b747830cd57425480e8,
        type: 3}
      propertyPath: m_LocalEulerAnglesHint.y
      value: 0
      objectReference: {fileID: 0}
    - target: {fileID: -8679921383154817045, guid: 643c244f5cc61b747830cd57425480e8,
        type: 3}
      propertyPath: m_LocalEulerAnglesHint.z
      value: 0
      objectReference: {fileID: 0}
    - target: {fileID: -8679921383154817045, guid: 643c244f5cc61b747830cd57425480e8,
        type: 3}
      propertyPath: m_LocalScale.x
      value: 9
      objectReference: {fileID: 0}
    - target: {fileID: -8679921383154817045, guid: 643c244f5cc61b747830cd57425480e8,
        type: 3}
      propertyPath: m_LocalScale.y
      value: 10
      objectReference: {fileID: 0}
    - target: {fileID: -8679921383154817045, guid: 643c244f5cc61b747830cd57425480e8,
        type: 3}
      propertyPath: m_LocalScale.z
      value: 9
      objectReference: {fileID: 0}
    - target: {fileID: 919132149155446097, guid: 643c244f5cc61b747830cd57425480e8,
        type: 3}
      propertyPath: m_Name
      value: Wall_Straight_Doorway_Large
      objectReference: {fileID: 0}
    m_RemovedComponents: []
  m_SourcePrefab: {fileID: 100100000, guid: 643c244f5cc61b747830cd57425480e8, type: 3}
--- !u!4 &6238058332574885587 stripped
Transform:
  m_CorrespondingSourceObject: {fileID: -8679921383154817045, guid: 643c244f5cc61b747830cd57425480e8,
    type: 3}
  m_PrefabInstance: {fileID: 5843614570785521976}
  m_PrefabAsset: {fileID: 0}
--- !u!1001 &6559098872947624207
PrefabInstance:
  m_ObjectHideFlags: 0
  serializedVersion: 2
  m_Modification:
    m_TransformParent: {fileID: 2976665022411480622}
    m_Modifications:
    - target: {fileID: -8679921383154817045, guid: 5e00e1388db20c8428912e6ceaa102c2,
        type: 3}
      propertyPath: m_LocalPosition.x
      value: -0.20228577
      objectReference: {fileID: 0}
    - target: {fileID: -8679921383154817045, guid: 5e00e1388db20c8428912e6ceaa102c2,
        type: 3}
      propertyPath: m_LocalPosition.y
      value: -4.025635
      objectReference: {fileID: 0}
    - target: {fileID: -8679921383154817045, guid: 5e00e1388db20c8428912e6ceaa102c2,
        type: 3}
      propertyPath: m_LocalPosition.z
      value: 0.25805664
      objectReference: {fileID: 0}
    - target: {fileID: -8679921383154817045, guid: 5e00e1388db20c8428912e6ceaa102c2,
        type: 3}
      propertyPath: m_LocalRotation.x
      value: -0
      objectReference: {fileID: 0}
    - target: {fileID: -8679921383154817045, guid: 5e00e1388db20c8428912e6ceaa102c2,
        type: 3}
      propertyPath: m_LocalRotation.y
      value: 0.7071068
      objectReference: {fileID: 0}
    - target: {fileID: -8679921383154817045, guid: 5e00e1388db20c8428912e6ceaa102c2,
        type: 3}
      propertyPath: m_LocalRotation.z
      value: -0
      objectReference: {fileID: 0}
    - target: {fileID: -8679921383154817045, guid: 5e00e1388db20c8428912e6ceaa102c2,
        type: 3}
      propertyPath: m_LocalRotation.w
      value: -0.7071068
      objectReference: {fileID: 0}
    - target: {fileID: -8679921383154817045, guid: 5e00e1388db20c8428912e6ceaa102c2,
        type: 3}
      propertyPath: m_RootOrder
      value: 9
      objectReference: {fileID: 0}
    - target: {fileID: -8679921383154817045, guid: 5e00e1388db20c8428912e6ceaa102c2,
        type: 3}
      propertyPath: m_LocalEulerAnglesHint.x
      value: 0
      objectReference: {fileID: 0}
    - target: {fileID: -8679921383154817045, guid: 5e00e1388db20c8428912e6ceaa102c2,
        type: 3}
      propertyPath: m_LocalEulerAnglesHint.y
      value: 90
      objectReference: {fileID: 0}
    - target: {fileID: -8679921383154817045, guid: 5e00e1388db20c8428912e6ceaa102c2,
        type: 3}
      propertyPath: m_LocalEulerAnglesHint.z
      value: 0
      objectReference: {fileID: 0}
    - target: {fileID: -8679921383154817045, guid: 5e00e1388db20c8428912e6ceaa102c2,
        type: 3}
      propertyPath: m_LocalScale.x
      value: 10
      objectReference: {fileID: 0}
    - target: {fileID: -8679921383154817045, guid: 5e00e1388db20c8428912e6ceaa102c2,
        type: 3}
      propertyPath: m_LocalScale.y
      value: 10
      objectReference: {fileID: 0}
    - target: {fileID: -8679921383154817045, guid: 5e00e1388db20c8428912e6ceaa102c2,
        type: 3}
      propertyPath: m_LocalScale.z
      value: 10
      objectReference: {fileID: 0}
    - target: {fileID: 919132149155446097, guid: 5e00e1388db20c8428912e6ceaa102c2,
        type: 3}
      propertyPath: m_Name
      value: Tower_Wall_Normal_Plain (1)
      objectReference: {fileID: 0}
    m_RemovedComponents: []
  m_SourcePrefab: {fileID: 100100000, guid: 5e00e1388db20c8428912e6ceaa102c2, type: 3}
--- !u!4 &6668741230752968420 stripped
Transform:
  m_CorrespondingSourceObject: {fileID: -8679921383154817045, guid: 5e00e1388db20c8428912e6ceaa102c2,
    type: 3}
  m_PrefabInstance: {fileID: 6559098872947624207}
  m_PrefabAsset: {fileID: 0}
--- !u!1001 &7600998683498286468
PrefabInstance:
  m_ObjectHideFlags: 0
  serializedVersion: 2
  m_Modification:
    m_TransformParent: {fileID: 2976665022411480622}
    m_Modifications:
    - target: {fileID: -8679921383154817045, guid: 5e00e1388db20c8428912e6ceaa102c2,
        type: 3}
      propertyPath: m_LocalPosition.x
      value: -0.20228577
      objectReference: {fileID: 0}
    - target: {fileID: -8679921383154817045, guid: 5e00e1388db20c8428912e6ceaa102c2,
        type: 3}
      propertyPath: m_LocalPosition.y
      value: -13.985596
      objectReference: {fileID: 0}
    - target: {fileID: -8679921383154817045, guid: 5e00e1388db20c8428912e6ceaa102c2,
        type: 3}
      propertyPath: m_LocalPosition.z
      value: 0.25805664
      objectReference: {fileID: 0}
    - target: {fileID: -8679921383154817045, guid: 5e00e1388db20c8428912e6ceaa102c2,
        type: 3}
      propertyPath: m_LocalRotation.x
      value: -0
      objectReference: {fileID: 0}
    - target: {fileID: -8679921383154817045, guid: 5e00e1388db20c8428912e6ceaa102c2,
        type: 3}
      propertyPath: m_LocalRotation.y
      value: 0.7071068
      objectReference: {fileID: 0}
    - target: {fileID: -8679921383154817045, guid: 5e00e1388db20c8428912e6ceaa102c2,
        type: 3}
      propertyPath: m_LocalRotation.z
      value: -0
      objectReference: {fileID: 0}
    - target: {fileID: -8679921383154817045, guid: 5e00e1388db20c8428912e6ceaa102c2,
        type: 3}
      propertyPath: m_LocalRotation.w
      value: -0.7071068
      objectReference: {fileID: 0}
    - target: {fileID: -8679921383154817045, guid: 5e00e1388db20c8428912e6ceaa102c2,
        type: 3}
      propertyPath: m_RootOrder
      value: 6
      objectReference: {fileID: 0}
    - target: {fileID: -8679921383154817045, guid: 5e00e1388db20c8428912e6ceaa102c2,
        type: 3}
      propertyPath: m_LocalEulerAnglesHint.x
      value: 0
      objectReference: {fileID: 0}
    - target: {fileID: -8679921383154817045, guid: 5e00e1388db20c8428912e6ceaa102c2,
        type: 3}
      propertyPath: m_LocalEulerAnglesHint.y
      value: 90
      objectReference: {fileID: 0}
    - target: {fileID: -8679921383154817045, guid: 5e00e1388db20c8428912e6ceaa102c2,
        type: 3}
      propertyPath: m_LocalEulerAnglesHint.z
      value: 0
      objectReference: {fileID: 0}
    - target: {fileID: -8679921383154817045, guid: 5e00e1388db20c8428912e6ceaa102c2,
        type: 3}
      propertyPath: m_LocalScale.x
      value: 10
      objectReference: {fileID: 0}
    - target: {fileID: -8679921383154817045, guid: 5e00e1388db20c8428912e6ceaa102c2,
        type: 3}
      propertyPath: m_LocalScale.y
      value: 10
      objectReference: {fileID: 0}
    - target: {fileID: -8679921383154817045, guid: 5e00e1388db20c8428912e6ceaa102c2,
        type: 3}
      propertyPath: m_LocalScale.z
      value: 10
      objectReference: {fileID: 0}
    - target: {fileID: 919132149155446097, guid: 5e00e1388db20c8428912e6ceaa102c2,
        type: 3}
      propertyPath: m_Name
      value: Tower_Wall_Normal_Plain (1)
      objectReference: {fileID: 0}
    m_RemovedComponents: []
  m_SourcePrefab: {fileID: 100100000, guid: 5e00e1388db20c8428912e6ceaa102c2, type: 3}
--- !u!4 &7995742542255483503 stripped
Transform:
  m_CorrespondingSourceObject: {fileID: -8679921383154817045, guid: 5e00e1388db20c8428912e6ceaa102c2,
    type: 3}
  m_PrefabInstance: {fileID: 7600998683498286468}
  m_PrefabAsset: {fileID: 0}
--- !u!1001 &8342743405341865031
PrefabInstance:
  m_ObjectHideFlags: 0
  serializedVersion: 2
  m_Modification:
    m_TransformParent: {fileID: 2976665022411480622}
    m_Modifications:
    - target: {fileID: -8679921383154817045, guid: 5e00e1388db20c8428912e6ceaa102c2,
        type: 3}
      propertyPath: m_LocalPosition.x
      value: -0.009994507
      objectReference: {fileID: 0}
    - target: {fileID: -8679921383154817045, guid: 5e00e1388db20c8428912e6ceaa102c2,
        type: 3}
      propertyPath: m_LocalPosition.y
      value: 5.944397
      objectReference: {fileID: 0}
    - target: {fileID: -8679921383154817045, guid: 5e00e1388db20c8428912e6ceaa102c2,
        type: 3}
      propertyPath: m_LocalPosition.z
      value: 0.24993896
      objectReference: {fileID: 0}
    - target: {fileID: -8679921383154817045, guid: 5e00e1388db20c8428912e6ceaa102c2,
        type: 3}
      propertyPath: m_LocalRotation.x
      value: -0
      objectReference: {fileID: 0}
    - target: {fileID: -8679921383154817045, guid: 5e00e1388db20c8428912e6ceaa102c2,
        type: 3}
      propertyPath: m_LocalRotation.y
      value: 0.7071068
      objectReference: {fileID: 0}
    - target: {fileID: -8679921383154817045, guid: 5e00e1388db20c8428912e6ceaa102c2,
        type: 3}
      propertyPath: m_LocalRotation.z
      value: -0
      objectReference: {fileID: 0}
    - target: {fileID: -8679921383154817045, guid: 5e00e1388db20c8428912e6ceaa102c2,
        type: 3}
      propertyPath: m_LocalRotation.w
      value: 0.7071068
      objectReference: {fileID: 0}
    - target: {fileID: -8679921383154817045, guid: 5e00e1388db20c8428912e6ceaa102c2,
        type: 3}
      propertyPath: m_RootOrder
      value: 10
      objectReference: {fileID: 0}
    - target: {fileID: -8679921383154817045, guid: 5e00e1388db20c8428912e6ceaa102c2,
        type: 3}
      propertyPath: m_LocalEulerAnglesHint.x
      value: 0
      objectReference: {fileID: 0}
    - target: {fileID: -8679921383154817045, guid: 5e00e1388db20c8428912e6ceaa102c2,
        type: 3}
      propertyPath: m_LocalEulerAnglesHint.y
      value: 90
      objectReference: {fileID: 0}
    - target: {fileID: -8679921383154817045, guid: 5e00e1388db20c8428912e6ceaa102c2,
        type: 3}
      propertyPath: m_LocalEulerAnglesHint.z
      value: 0
      objectReference: {fileID: 0}
    - target: {fileID: -8679921383154817045, guid: 5e00e1388db20c8428912e6ceaa102c2,
        type: 3}
      propertyPath: m_LocalScale.x
      value: 10
      objectReference: {fileID: 0}
    - target: {fileID: -8679921383154817045, guid: 5e00e1388db20c8428912e6ceaa102c2,
        type: 3}
      propertyPath: m_LocalScale.y
      value: 10
      objectReference: {fileID: 0}
    - target: {fileID: -8679921383154817045, guid: 5e00e1388db20c8428912e6ceaa102c2,
        type: 3}
      propertyPath: m_LocalScale.z
      value: 10
      objectReference: {fileID: 0}
    - target: {fileID: 919132149155446097, guid: 5e00e1388db20c8428912e6ceaa102c2,
        type: 3}
      propertyPath: m_Name
      value: Tower_Wall_Normal_Plain (1)
      objectReference: {fileID: 0}
    m_RemovedComponents: []
  m_SourcePrefab: {fileID: 100100000, guid: 5e00e1388db20c8428912e6ceaa102c2, type: 3}
--- !u!4 &8380593700968797100 stripped
Transform:
  m_CorrespondingSourceObject: {fileID: -8679921383154817045, guid: 5e00e1388db20c8428912e6ceaa102c2,
    type: 3}
  m_PrefabInstance: {fileID: 8342743405341865031}
  m_PrefabAsset: {fileID: 0}
--- !u!1001 &8532382666205248984
PrefabInstance:
  m_ObjectHideFlags: 0
  serializedVersion: 2
  m_Modification:
    m_TransformParent: {fileID: 2976665022411480622}
    m_Modifications:
    - target: {fileID: -8679921383154817045, guid: 936acee4d9c3a73419a3f934fb3b35e2,
        type: 3}
      propertyPath: m_LocalPosition.x
      value: 6.899994
      objectReference: {fileID: 0}
    - target: {fileID: -8679921383154817045, guid: 936acee4d9c3a73419a3f934fb3b35e2,
        type: 3}
      propertyPath: m_LocalPosition.y
      value: -13.985596
      objectReference: {fileID: 0}
    - target: {fileID: -8679921383154817045, guid: 936acee4d9c3a73419a3f934fb3b35e2,
        type: 3}
      propertyPath: m_LocalPosition.z
      value: -16.830017
      objectReference: {fileID: 0}
    - target: {fileID: -8679921383154817045, guid: 936acee4d9c3a73419a3f934fb3b35e2,
        type: 3}
      propertyPath: m_LocalRotation.x
      value: -0
      objectReference: {fileID: 0}
    - target: {fileID: -8679921383154817045, guid: 936acee4d9c3a73419a3f934fb3b35e2,
        type: 3}
      propertyPath: m_LocalRotation.y
      value: -0
      objectReference: {fileID: 0}
    - target: {fileID: -8679921383154817045, guid: 936acee4d9c3a73419a3f934fb3b35e2,
        type: 3}
      propertyPath: m_LocalRotation.z
      value: -0
      objectReference: {fileID: 0}
    - target: {fileID: -8679921383154817045, guid: 936acee4d9c3a73419a3f934fb3b35e2,
        type: 3}
      propertyPath: m_LocalRotation.w
      value: 1
      objectReference: {fileID: 0}
    - target: {fileID: -8679921383154817045, guid: 936acee4d9c3a73419a3f934fb3b35e2,
        type: 3}
      propertyPath: m_RootOrder
      value: 0
      objectReference: {fileID: 0}
    - target: {fileID: -8679921383154817045, guid: 936acee4d9c3a73419a3f934fb3b35e2,
        type: 3}
      propertyPath: m_LocalEulerAnglesHint.x
      value: 0
      objectReference: {fileID: 0}
    - target: {fileID: -8679921383154817045, guid: 936acee4d9c3a73419a3f934fb3b35e2,
        type: 3}
      propertyPath: m_LocalEulerAnglesHint.y
      value: 0
      objectReference: {fileID: 0}
    - target: {fileID: -8679921383154817045, guid: 936acee4d9c3a73419a3f934fb3b35e2,
        type: 3}
      propertyPath: m_LocalEulerAnglesHint.z
      value: 0
      objectReference: {fileID: 0}
    - target: {fileID: -8679921383154817045, guid: 936acee4d9c3a73419a3f934fb3b35e2,
        type: 3}
      propertyPath: m_LocalScale.x
      value: 10
      objectReference: {fileID: 0}
    - target: {fileID: -8679921383154817045, guid: 936acee4d9c3a73419a3f934fb3b35e2,
        type: 3}
      propertyPath: m_LocalScale.y
      value: 30
      objectReference: {fileID: 0}
    - target: {fileID: -8679921383154817045, guid: 936acee4d9c3a73419a3f934fb3b35e2,
        type: 3}
      propertyPath: m_LocalScale.z
      value: 10
      objectReference: {fileID: 0}
    - target: {fileID: 919132149155446097, guid: 936acee4d9c3a73419a3f934fb3b35e2,
        type: 3}
      propertyPath: m_Name
      value: Stairs_Newel_Middle
      objectReference: {fileID: 0}
    m_RemovedComponents: []
  m_SourcePrefab: {fileID: 100100000, guid: 936acee4d9c3a73419a3f934fb3b35e2, type: 3}
--- !u!4 &8206585093085485619 stripped
Transform:
  m_CorrespondingSourceObject: {fileID: -8679921383154817045, guid: 936acee4d9c3a73419a3f934fb3b35e2,
    type: 3}
  m_PrefabInstance: {fileID: 8532382666205248984}
  m_PrefabAsset: {fileID: 0}
--- !u!1001 &8738930160047111075
PrefabInstance:
  m_ObjectHideFlags: 0
  serializedVersion: 2
  m_Modification:
    m_TransformParent: {fileID: 2976665022411480622}
    m_Modifications:
    - target: {fileID: -8679921383154817045, guid: 7a1db46baea75b84c981b5421568e565,
        type: 3}
      propertyPath: m_LocalPosition.x
      value: 0.02999878
      objectReference: {fileID: 0}
    - target: {fileID: -8679921383154817045, guid: 7a1db46baea75b84c981b5421568e565,
        type: 3}
      propertyPath: m_LocalPosition.y
      value: 15.399963
      objectReference: {fileID: 0}
    - target: {fileID: -8679921383154817045, guid: 7a1db46baea75b84c981b5421568e565,
        type: 3}
      propertyPath: m_LocalPosition.z
      value: 0.25
      objectReference: {fileID: 0}
    - target: {fileID: -8679921383154817045, guid: 7a1db46baea75b84c981b5421568e565,
        type: 3}
      propertyPath: m_LocalRotation.x
      value: -0
      objectReference: {fileID: 0}
    - target: {fileID: -8679921383154817045, guid: 7a1db46baea75b84c981b5421568e565,
        type: 3}
      propertyPath: m_LocalRotation.y
      value: -0
      objectReference: {fileID: 0}
    - target: {fileID: -8679921383154817045, guid: 7a1db46baea75b84c981b5421568e565,
        type: 3}
      propertyPath: m_LocalRotation.z
      value: -0
      objectReference: {fileID: 0}
    - target: {fileID: -8679921383154817045, guid: 7a1db46baea75b84c981b5421568e565,
        type: 3}
      propertyPath: m_LocalRotation.w
      value: 1
      objectReference: {fileID: 0}
    - target: {fileID: -8679921383154817045, guid: 7a1db46baea75b84c981b5421568e565,
        type: 3}
      propertyPath: m_RootOrder
      value: 2
      objectReference: {fileID: 0}
    - target: {fileID: -8679921383154817045, guid: 7a1db46baea75b84c981b5421568e565,
        type: 3}
      propertyPath: m_LocalEulerAnglesHint.x
      value: 0
      objectReference: {fileID: 0}
    - target: {fileID: -8679921383154817045, guid: 7a1db46baea75b84c981b5421568e565,
        type: 3}
      propertyPath: m_LocalEulerAnglesHint.y
      value: 0
      objectReference: {fileID: 0}
    - target: {fileID: -8679921383154817045, guid: 7a1db46baea75b84c981b5421568e565,
        type: 3}
      propertyPath: m_LocalEulerAnglesHint.z
      value: 0
      objectReference: {fileID: 0}
    - target: {fileID: -8679921383154817045, guid: 7a1db46baea75b84c981b5421568e565,
        type: 3}
      propertyPath: m_LocalScale.x
      value: 9
      objectReference: {fileID: 0}
    - target: {fileID: -8679921383154817045, guid: 7a1db46baea75b84c981b5421568e565,
        type: 3}
      propertyPath: m_LocalScale.y
      value: 9
      objectReference: {fileID: 0}
    - target: {fileID: -8679921383154817045, guid: 7a1db46baea75b84c981b5421568e565,
        type: 3}
      propertyPath: m_LocalScale.z
      value: 9
      objectReference: {fileID: 0}
    - target: {fileID: 919132149155446097, guid: 7a1db46baea75b84c981b5421568e565,
        type: 3}
      propertyPath: m_Name
      value: Tower_Parapet_Simple_Crowned
      objectReference: {fileID: 0}
    m_RemovedComponents: []
  m_SourcePrefab: {fileID: 100100000, guid: 7a1db46baea75b84c981b5421568e565, type: 3}
--- !u!4 &9136769911814839368 stripped
Transform:
  m_CorrespondingSourceObject: {fileID: -8679921383154817045, guid: 7a1db46baea75b84c981b5421568e565,
    type: 3}
  m_PrefabInstance: {fileID: 8738930160047111075}
  m_PrefabAsset: {fileID: 0}
